2479 3509
2167 118 2267 219 32,

1127 475 1216 512 -2-

461 588 510 629 C.
543 589 631 627 Die
660 590 1001 636 Evakuierung,

633 626 686 671 1)
716 629 954 668 Abmarsch
982 628 1068 670 des
1093 631 1729 681 Evakuierungskommandos.

634 801 714 851 2.)

461 588 510 629 C.
543 589 631 627 Die
660 590 1001 636 Evakuierung,

633 626 686 671 1)
716 629 954 668 Abmarsch
982 628 1068 670 des
1093 631 1729 681 Evakuierungskommandos.

749 664 922 703 Stärke
953 665 1009 710 jo
1035 666 1146 706 Hof:

1296 702 1327 742 1
1362 713 1380 744 :
1412 704 1442 744 2

748 735 984 782 zugleich
1012 737 1065 783 je
1092 738 1212 779 Dorf

1293 768 1324 807 1

1351 768 1460 812 Pol.
1490 766 1752 819 Altester,
1784 777 1814 821 1
1845 775 2163 821 Treckführer

742 827 863 867 2.00

891 809 980 849 Uhr
1005 811 1303 851 Eintreffen
1328 813 1416 853 der
1435 814 2052 864 Evakuierungskommandos
2082 818 2145 857 in
2169 816 2260 856 den

633 897 712 947 3.)

742 924 774 960 8

1902 863 2137 909 Dörfern.

890 905 980 944 Uhr
1005 906 1210 947 Ankunft
1241 908 1328 949 der
1352 909 1678 951 Evakuierten
1706 911 1767 951 im
1789 911 2164 960 Abstelllager,

631 993 713 1045 4.)
744 998 922 1041 Ablauf
948 1000 1037 1041 der
1061 1002 1407 1052 Evakuierung:

631 993 713 1045 4.)
744 998 922 1041 Ablauf
948 1000 1037 1041 der
1061 1002 1407 1052 Evakuierung:

717 1090 767 1137 a)
800 1096 892 1135 Dor
917 1096 1239 1140 Treckführer
1266 1099 1355 1140 und
1385 1100 1734 1148 ortskundiger
1759 1101 1905 1143 VDund
1934 1102 2044 1143 Pol.
2080 1103 2253 1143 Kräfte

717 1090 767 1137 a)
800 1096 892 1135 Dor
917 1096 1239 1140 Treckführer
1266 1099 1355 1140 und
1385 1100 1734 1148 ortskundiger
1759 1101 1905 1143 VDund
1934 1102 2044 1143 Pol.
2080 1103 2253 1143 Kräfte

801 1191 890 1231 und
920 1190 1127 1233 Gendarm
1148 1195 1474 1235 marschieren
1498 1205 1563 1236 um
1602 1218 1721 1260 1.00
1730 1196 1822 1238 Uhr
1847 1197 1905 1238 ab
1934 1198 2283 1248 Vortcilungs=

803 1288 944 1334 punkt
975 1288 1036 1330 in
1063 1289 1149 1330 dic
1180 1291 1326 1331 ihnen
1353 1292 1706 1342 zugowicscnen
1728 1294 1927 1336 Dörfer.

715 1377 767 1425 b)
800 1382 917 1423 Pol-
946 1384 1032 1423 und
1060 1383 1408 1425 Gendarmercio
1439 1389 1619 1428 treten
1644 1389 1706 1429 in
1731 1389 1818 1430 der
1844 1389 2261 1440 Rcihonfolgo,in

715 1377 767 1425 b)
800 1382 917 1423 Pol-
946 1384 1032 1423 und
1060 1383 1408 1425 Gendarmercio
1439 1389 1619 1428 treten
1644 1389 1706 1429 in
1731 1389 1818 1430 der
1844 1389 2261 1440 Rcihonfolgo,in

801 1477 888 1518 der
917 1479 1002 1519 die
1033 1488 1094 1520 zu
1121 1481 1501 1524 evakuicrenden
1523 1483 1642 1524 Höfc
1672 1484 1867 1532 liegen,
1903 1493 1985 1528 an.
2021 1486 2107 1527 Sic
2138 1487 2313 1528 erhalx

801 1573 889 1612 ten
918 1574 1064 1615 einen
1091 1574 1265 1617 Zettel
1290 1576 1380 1618 mit
1409 1577 1499 1618 der
1523 1579 1731 1620 Nummer
1758 1578 1845 1619 dos
1870 1580 2020 1620 Hofes
2047 1580 2137 1621 und
2165 1581 2255 1622 dem

797 1669 947 1707 Namen
974 1668 1060 1709 des
1088 1669 1383 1717 polnischen
1406 1671 1693 1713 Besitzers.

710 1759 763 1804 c)
794 1760 887 1803 Der
912 1763 1235 1805 Treckführer
1264 1765 1549 1806 bezeiehnet
1582 1767 1669 1809 die
1700 1778 1761 1809 zu
1787 1768 2167 1811 cvakuierenden
2190 1771 2330 1816 Hofe,

710 1759 763 1804 c)
794 1760 887 1803 Der
912 1763 1235 1805 Treckführer
1264 1765 1549 1806 bezeiehnet
1582 1767 1669 1809 die
1700 1778 1761 1809 zu
1787 1768 2167 1811 cvakuierenden
2190 1771 2330 1816 Hofe,

711 1855 761 1902 d)
795 1858 886 1899 Der
916 1860 1292 1907 entsprechende
1320 1863 1429 1908 Pol.
1463 1863 1553 1904 und
1582 1863 1722 1910 Gend,
1759 1865 2021 1908 schreiten
2048 1866 2219 1908 sofort
2251 1876 2339 1909 zur

711 1855 761 1902 d)
795 1858 886 1899 Der
916 1860 1292 1907 entsprechende
1320 1863 1429 1908 Pol.
1463 1863 1553 1904 und
1582 1863 1722 1910 Gend,
1759 1865 2021 1908 schreiten
2048 1866 2219 1908 sofort
2251 1876 2339 1909 zur

795 1955 1118 2005 Evakuicrung
1144 1958 1232 1998 und
1260 1959 1556 2000 bezeichnen
1581 1960 1672 2001 den
1695 1961 1785 2002 Hof
1811 1960 1901 2002 mit
1929 1961 2104 2007 Kreide
2130 1963 2219 2004 mit

798 2052 886 2093 der
915 2053 1061 2095 ihnen
1083 2054 1439 2103 mitgegebenen
1462 2058 1660 2100 Nummer.

708 2143 762 2189 e)
795 2149 882 2190 Dic
911 2148 1116 2193 Polizei
1144 2151 1290 2192 führt
1319 2151 1404 2193 die
1435 2153 1759 2195 cvakuierten
1782 2154 1933 2196 Polen
1958 2164 2052 2197 zum
2069 2156 2395 2206 Dorfausgang

708 2143 762 2189 e)
795 2149 882 2190 Dic
911 2148 1116 2193 Polizei
1144 2151 1290 2192 führt
1319 2151 1404 2193 die
1435 2153 1759 2195 cvakuierten
1782 2154 1933 2196 Polen
1958 2164 2052 2197 zum
2069 2156 2395 2206 Dorfausgang

709 2242 760 2290 f)
793 2246 915 2286 Wonn
941 2247 1056 2288 alle
1087 2248 1322 2291 Familien
1349 2250 1493 2291 eines
1518 2252 1696 2296 Dorfee
1724 2250 1991 2296 beisammen
2018 2253 2154 2303 sind,
2188 2263 2307 2295 wor=

2074 2206 2155 2247 ab,

709 2242 760 2290 f)
793 2246 915 2286 Wonn
941 2247 1056 2288 alle
1087 2248 1322 2291 Familien
1349 2250 1493 2291 eines
1518 2252 1696 2296 Dorfee
1724 2250 1991 2296 beisammen
2018 2253 2154 2303 sind,
2188 2263 2307 2295 wor=

796 2342 885 2382 den
913 2343 997 2383 sic
1028 2352 1088 2383 zu
1114 2344 1206 2384 dem
1229 2345 1407 2385 vorher
1432 2345 1843 2396 festgestellten
1867 2349 2194 2400 Abstellager
2217 2352 2366 2392 unter

795 2439 882 2479 der
910 2439 1115 2486 Führung
1144 2440 1231 2480 des
1256 2440 1701 2485 Polizeiältesten
1722 2444 1812 2485 und
1840 2444 1927 2486 des
1956 2445 2310 2495 ortskundigen

791 2535 852 2576 VD
881 2535 1136 2581 gebracht,

707 2623 757 2677 g)
790 2630 910 2671 Hier
938 2631 1232 2676 verblciben
1261 2633 1345 2674 sic
1374 2633 1599 2684 solange,
1635 2634 1722 2676 big
1747 2635 1957 2685 Meldung
1982 2645 2075 2678 vom
2101 2638 2277 2678 Führer

707 2623 757 2677 g)
790 2630 910 2671 Hier
938 2631 1232 2676 verblciben
1261 2633 1345 2674 sic
1374 2633 1599 2684 solange,
1635 2634 1722 2676 big
1747 2635 1957 2685 Meldung
1982 2645 2075 2678 vom
2101 2638 2277 2678 Führer

793 2726 881 2766 des
909 2727 1288 2769 Arbeitsstabes
1316 2728 1598 2780 cintrifft,
1635 2730 1751 2771 dass
1778 2731 2098 2784 Abtransport
2129 2733 2305 2776 erfol=

792 2831 882 2870 gen
912 2825 1040 2866 soll.

741 2914 759 2950 )

788 2918 1055 2967 Vorladung
1082 2920 1142 2959 in
1166 2920 1517 2962 motorisierte
1548 2911 1807 2972 Fahrzcuge
1835 2923 1924 2964 und
1951 2924 2272 2976 Abtransport

792 3016 852 3056 in
879 3016 964 3056 das
991 3016 1463 3067 Evakuiertenlager
1489 3018 1549 3059 in
1572 3019 1770 3068 Lodsch,
1805 3020 2093 3067 Wiesonstr.
2132 3024 2179 3068 4.
