2479 3509
2155 97 2265 207 40

358 3027 500 3068 stalt
532 3028 588 3067 in
613 3027 1012 3076 Litzmennstadt,
1043 3028 1445 3070 Dessauerstraße
1474 3028 1554 3076 11,
1589 3030 1674 3069 und
1702 3031 1907 3071 alsdann
1934 3040 2021 3071 zum
2047 3032 2364 3080 Durchgangs-

2134 3151 2279 3194 -3 -

356 293 529 318 summer
560 292 614 319 IIII
639 281 956 320 Dandratsemt
983 282 1202 322 Osorian.

245 350 327 398 3.)
356 352 441 391 Die
470 352 645 391 Aktion
672 356 730 392 in
752 353 930 391 Wielin
953 353 1071 394 wind
1098 362 1184 398 von
1212 354 1297 393 der
1324 353 1467 392 Stadt
1494 354 1669 393 Wielun
1697 360 1782 394 ETTE
1810 354 2173 401 durchgaführt.
2239 352 2297 391 In

245 350 327 398 3.)
356 352 441 391 Die
470 352 645 391 Aktion
672 356 730 392 in
752 353 930 391 Wielin
953 353 1071 394 wind
1098 362 1184 398 von
1212 354 1297 393 der
1324 353 1467 392 Stadt
1494 354 1669 393 Wielun
1697 360 1782 394 ETTE
1810 354 2173 401 durchgaführt.
2239 352 2297 391 In

356 425 444 464 der
470 425 758 471 chemaligen
782 426 1074 473 polnischen
1094 427 1466 473 Hittelschule,
1499 428 1555 466 in
1581 427 1667 465 der
1695 427 2038 466 Rudaerstraße
2068 428 2127 465 in
2151 425 2325 466 Wielun

357 498 582 544 gelegen,
613 496 811 538 bentaht
842 498 927 537 die
951 498 1268 546 Möglichkeit
1299 508 1384 538 zur
1411 499 1785 546 Unterbringung
1811 500 1897 538 der
1925 499 2155 547 gesamten
2181 497 2325 539 Poli-

358 569 635 610 zeikräfte.
699 571 782 609 Die
813 569 1129 618 Verpflegung
1154 571 1270 610 wird
1297 571 1442 610 durch
1469 571 1552 610 die
1581 571 1670 610 NSV
1698 572 1755 610 in
1779 571 1957 611 Wielun
1983 571 2388 618 sichergestellt

357 643 441 682 Die
469 642 645 681 Aktion
671 644 731 681 in
752 642 1040 683 Lentschütz
1067 643 1184 683 wird
1211 652 1300 683 von
1327 643 1412 683 der
1440 643 1582 683 Stadt
1610 642 1897 684 Lentschitz
1929 653 2012 684 aus
2040 643 2382 691 durchgeführt

358 714 416 754 In
444 714 527 754 der
557 715 843 761 polnischen
870 715 1066 762 Schule,
1100 717 1157 755 in
1183 717 1269 755 der
1297 716 1637 756 Breitestraße
1667 718 1698 756 4
1727 718 1786 756 in
1811 717 2096 756 Lentschütz
2126 718 2350 764 gelegen,

358 786 556 826 bestchi
587 789 669 827 die
697 787 1011 835 Möglichkeit
1043 798 1129 827 zur
1155 789 1500 836 Unterbrinung
1526 791 1612 828 der
1641 790 1871 837 gesantea
1896 788 2291 830 Poliscikräfte,

357 859 441 898 Die
470 858 787 907 Verpflegung
811 859 930 899 wird
956 860 1101 899 durch
1127 861 1211 898 die
1243 861 1330 898 NSV
1359 861 1414 899 in
1441 860 1725 899 Lentschütz
1754 861 2176 907 sichergestellt.

242 927 327 976 4.)
357 930 443 970 Für
472 932 559 970 den
583 931 841 978 Transport
871 932 956 971 der
983 941 1072 972 vom
1096 932 1528 979 Ansiedlungsstab
1555 934 1902 979 eingesetzten
1928 931 2272 977 ortskurdigen

242 927 327 976 4.)
357 930 443 970 Für
472 932 559 970 den
583 931 841 978 Transport
871 932 956 971 der
983 941 1072 972 vom
1096 932 1528 979 Ansiedlungsstab
1555 934 1902 979 eingesetzten
1928 931 2272 977 ortskurdigen

353 1004 779 1051 Volksdeutachen,
812 1003 1267 1049 Kreisamtsleiter,
1300 1005 1612 1044 Hilfskräfta
1641 1006 1726 1044 des
1754 1005 2126 1044 Arbeitsstabee
2156 1006 2214 1044 in
2242 1003 2326 1046 dis

357 1076 617 1115 einzelnen
642 1076 814 1115 Dürfar
840 1076 1013 1116 müssen
1041 1085 1129 1116 von
1158 1077 1242 1116 der
1265 1076 1790 1125 Transpartabteilung
1813 1078 1899 1116 das
1928 1077 2361 1125 Ansiediungssta=

356 1148 442 1188 bes
467 1148 869 1197 Kraftfahrzenge
902 1168 929 1179 MA
958 1150 1042 1189 der
1070 1148 1356 1189 Gesamtzahl
1385 1150 1471 1188 der
1498 1149 1899 1185 einzusetzenden
1927 1148 2241 1188 Hilfskräfte
2270 1150 2387 1187 ent-

358 1222 616 1266 sprechend
643 1239 675 1252 -
702 1230 785 1261 zur
813 1220 1073 1267 Verfügung
1101 1223 1328 1269 gestellt
1354 1223 1548 1264 werden,

245 1291 327 1340 5.)
358 1293 445 1332 Zur
469 1293 817 1342 Verchinderung
842 1303 931 1334 von
957 1295 1388 1334 Fiuchtversuchen
1413 1295 1500 1334 der
1530 1304 1586 1334 zu
1613 1295 1988 1334 evaluierenden
2015 1295 2158 1334 Polen
2187 1295 2301 1333 sind

245 1291 327 1340 5.)
358 1293 445 1332 Zur
469 1293 817 1342 Verchinderung
842 1303 931 1334 von
957 1295 1388 1334 Fiuchtversuchen
1413 1295 1500 1334 der
1530 1304 1586 1334 zu
1613 1295 1988 1334 evaluierenden
2015 1295 2158 1334 Polen
2187 1295 2301 1333 sind

357 1365 441 1404 die
472 1367 615 1405 unter
642 1364 755 1412 Zf.)
785 1365 810 1404 1
842 1365 896 1412 a)
928 1367 1013 1405 bis
1043 1365 1095 1414 I)
1129 1365 1474 1414 aufgeführten
1499 1367 1612 1406 Orte
1641 1366 1786 1414 gemäß
1812 1366 2099 1406 mündlicher
2127 1367 2389 1414 Anweisung

358 1439 674 1487 rechtweitig
699 1438 1015 1487 polizeilich
1045 1448 1102 1478 zu
1130 1439 1350 1481 sichern.
1418 1439 1667 1479 Berittene
1702 1440 1960 1478 Gendarmen
1986 1440 2072 1478 und
2099 1437 2386 1481 Hundestrei

359 1512 467 1565 Cen,
503 1513 641 1552 nowie
673 1510 777 1558 sef.
814 1510 1157 1552 aotorisierto
1183 1512 1357 1551 Kräfte
1386 1513 1473 1551 der
1501 1512 2153 1552 Gendarmeriebereitschaft
2188 1511 2302 1551 sind
2329 1513 2386 1552 in

356 1585 733 1623 ausreichendem
755 1583 871 1623 Maße
901 1585 1236 1623 einzusetzen.
1297 1584 1386 1623 Mit
1415 1584 1501 1622 der
1527 1583 1730 1630 Leitung
1758 1584 1843 1622 der
1870 1584 2276 1623 erforderlichen
2299 1585 2387 1622 Ab-

359 1656 760 1703 sperroaknahmen
789 1656 903 1695 sind
934 1656 989 1694 im
1015 1655 1184 1696 Kreise
1213 1656 1389 1695 Wielmu
1415 1656 1501 1695 der
1528 1655 1845 1695 Kreisführer
1872 1657 1958 1695 der
1985 1656 2323 1705 Gendarmerie,

357 1726 586 1766 Leutnent
615 1726 840 1777 Kolassa,
874 1728 960 1768 und
987 1729 1046 1768 im
1070 1730 1242 1768 Kreise
1272 1728 1557 1769 Lentschütz
1586 1730 1671 1768 der
1699 1728 2017 1768 Kreisführer
2044 1731 2130 1769 der
2158 1730 2359 1769 Gendar-

356 1801 523 1846 merie,
558 1800 786 1839 Leutnant
814 1801 1097 1849 Ackermann,
1128 1801 1436 1848 boauftragt.

244 1867 328 1916 5.)
356 1872 442 1911 Die
473 1872 617 1912 durch
643 1873 757 1911 rote
787 1873 989 1921 Flaggen
1016 1873 1476 1920 gekenmzeichneten
1499 1874 1844 1921 Auffanglager
1873 1874 1961 1913 für
1987 1874 2073 1913 die
2100 1874 2367 1913 evakuier-

244 1867 328 1916 5.)
356 1872 442 1911 Die
473 1872 617 1912 durch
643 1873 757 1911 rote
787 1873 989 1921 Flaggen
1016 1873 1476 1920 gekenmzeichneten
1499 1874 1844 1921 Auffanglager
1873 1874 1961 1913 für
1987 1874 2073 1913 die
2100 1874 2367 1913 evakuier-

357 1944 445 1982 ter
472 1945 704 1983 Personen
731 1945 845 1984 sind
873 1954 958 1984 aus
986 1944 1074 1983 den
1100 1945 1388 1992 Lageplänen
1416 1943 1753 1992 ersichtlich,
1787 1946 1871 1984 die
1902 1946 1961 1985 in
1985 1947 2273 1985 mehrfacher

355 2015 703 2065 Ausfertigung
730 2017 959 2065 zugleich
984 2017 1073 2057 mit
1101 2017 1189 2057 den
1213 2017 1533 2058 Dorfskizzen
1559 2019 1646 2057 dem
1670 2018 2040 2066 Pol.-Bat1.44,
2072 2020 2208 2059 bezw.
2245 2020 2334 2058 dem

357 2089 587 2129 Leutnant
616 2090 703 2130 der
730 2090 1042 2130 Gendarmerie
1071 2091 1351 2140 Ackermann,
1384 2098 1475 2130 von
1500 2092 1617 2131 hier
1644 2092 1961 2131 unmittelbar
1988 2092 2249 2137 übergeben
2271 2100 2393 2130 wer-

358 2161 464 2202 den.
531 2162 617 2202 For
648 2162 789 2210 jedem
813 2161 1160 2210 Auffanglager
1185 2162 1415 2203 befindet
1448 2165 1560 2203 sich
1587 2165 1674 2203 ein
1700 2162 2017 2211 Angehöriger
2045 2164 2131 2202 der
2160 2164 2363 2203 Partei-

358 2233 616 2273 formation
646 2234 706 2274 in
730 2233 931 2274 Uniform
960 2235 1044 2274 als
1071 2235 1437 2282 Wegweisender,

244 2302 327 2351 7.)
357 2304 527 2345 Soweit
558 2306 639 2345 dis
672 2306 989 2346 evakuierten
1015 2306 1160 2347 Polen
1187 2308 1331 2347 nicht
1361 2317 1448 2348 zum
1471 2308 1904 2355 Durchgangslager
1929 2308 2329 2356 Litzmannstadt,

244 2302 327 2351 7.)
357 2304 527 2345 Soweit
558 2306 639 2345 dis
672 2306 989 2346 evakuierten
1015 2306 1160 2347 Polen
1187 2308 1331 2347 nicht
1361 2317 1448 2348 zum
1471 2308 1904 2355 Durchgangslager
1929 2308 2329 2356 Litzmannstadt,

355 2377 702 2418 Wiesenstraße
727 2379 781 2426 4.9
814 2378 1072 2418 befordert
1098 2380 1295 2427 werden,
1332 2380 1445 2420 sind
1474 2381 1615 2420 diese
1645 2382 1705 2419 in
1728 2381 1903 2420 Wielun
1932 2383 1990 2421 im
2019 2384 2330 2423 Sammellager

358 2449 676 2489 Eichenbrück
706 2448 967 2497 (Dabrows).
985 2452 1216 2491 westlich
1243 2461 1332 2491 vom
1356 2452 1590 2492 Wieluner
1619 2452 1816 2491 Bahnhof
1846 2453 2071 2501 gelegen,
2102 2455 2335 2493 unterzu-

360 2521 579 2568 bringen.
641 2522 730 2561 Der
757 2522 1014 2571 Transport
1045 2524 1303 2563 derselben
1331 2526 1447 2563 nach
1473 2525 1677 2564 dorthin
1704 2523 1901 2571 erfolgt
1932 2525 2078 2564 durch
2102 2535 2191 2564 vom
2218 2528 2304 2563 Ar-

359 2592 615 2634 beitsstab
642 2595 815 2634 Wielvn
843 2595 1332 2635 bereitzustellende
1359 2597 1787 2636 Pferdefuhrwerke
1818 2598 1903 2635 und
1932 2599 2069 2639 evtl.
2103 2597 2269 2639 LKW's,

356 2665 441 2704 Die
472 2665 732 2714 Bewachung
759 2667 844 2707 des
872 2667 1044 2714 Lagers
1073 2668 1389 2707 Eichenbrück
1420 2670 1502 2708 ist
1533 2669 1674 2716 gemäß
1700 2667 1989 2710 mündlicher
2016 2671 2278 2717 Anweisung

355 2746 449 2778 vom
477 2738 642 2781 4.5.40
673 2740 924 2786 geregelt.

358 2813 444 2850 Der
470 2811 729 2860 Transport
758 2812 845 2851 der
1445 2814 1761 2853 evakuierten
1789 2813 2020 2854 Personen
2047 2815 2132 2854 hat
2160 2816 2249 2854 mit
2276 2815 2365 2855 dea

356 2891 442 2922 von
474 2884 558 2922 der
584 2883 1105 2932 Transportabteilung
1130 2885 1215 2924 des
1240 2883 1731 2932 Ansiedlungsstabes
1760 2886 1846 2925 des
1876 2883 2078 2927 Höheren
2102 2888 2279 2927 SS-und
2305 2888 2394 2928 Pc-

359 2954 701 2996 lizeiführers
731 2964 789 2995 zu
817 2955 1104 2996 stellenden
1127 2955 1562 3004 Kraftfahrzeugen
1590 2956 1817 2997 zunächst
1848 2968 1933 2999 zur
1959 2958 2366 3007 Entlausungsan-
