2479 3509
2144 149 2262 239 38

1193 647 1276 692 44

565 800 618 849 n)
708 805 796 844 Dic
824 802 1000 844 Trecks
1030 803 1235 844 treffen
1261 803 1321 843 in
1348 802 1495 841 ihren
1547 801 1754 840 Dörfern
1782 800 1889 848 ein,
1924 799 2012 838 und
2039 798 2218 837 worden

712 900 797 940 dic
829 900 1090 940 einzolnen
1117 899 1352 939 Familien
1378 899 1437 938 in
1465 898 1579 937 ihre
1606 897 1722 937 Höfe
1751 906 1844 937 vom
1868 896 2043 935 Führer
2071 895 2157 935 des

709 994 885 1036 Trecks
917 995 1376 1042 cinguwiesen;dort
1405 995 1550 1034 nimmt
1583 994 1666 1033 sie
1696 993 1784 1033 der
1812 1000 1900 1031 zur
1922 991 2277 1037 Nofbewachung

714 1092 1175 1138 zurückgeblicbene
1203 1093 1319 1133 Hipo
1348 1091 1436 1131 und
1467 1092 1554 1130 ein
1579 1089 1928 1136 Beauftragter
1958 1088 2045 1127 der
2072 1086 2334 1125 Kreiglei=

714 1188 828 1235 tung
857 1188 918 1227 in
940 1188 1168 1234 Empfang.
1202 1188 1293 1226 Den
1317 1187 1613 1226 Ansiedlern
1637 1185 1754 1225 wird
1784 1185 1872 1224 der
1896 1183 1988 1223 Hof
2013 1184 2103 1223 und
2131 1183 2217 1223 dic

713 1284 804 1323 Sta
832 1284 1004 1331 lungen
1030 1284 1232 1331 gezeigt
1261 1283 1349 1322 und
1376 1283 1662 1329 übergeben.
1694 1281 1785 1321 Der
1811 1280 2130 1326 Beauftragto
2161 1279 2249 1318 der

711 1379 1063 1426 Kreislcitung
1088 1379 1319 1425 übergibt
1351 1378 1495 1425 jeder
1525 1378 1724 1418 Familie
1756 1377 1844 1415 ein
1872 1376 2182 1414 Fihrerbild.
2216 1375 2278 1413 Es

711 1474 827 1514 wird
858 1474 947 1514 den
967 1474 1467 1514 Ansicdlerfamilien
1490 1465 1806 1520 mitgeteilt,
1843 1472 1958 1510 dass
1987 1469 2192 1511 bereits
2223 1471 2282 1509 in

713 1571 802 1610 den
828 1571 1064 1611 nächsten
1088 1573 1237 1619 Tagen
1265 1571 1352 1610 ein
1378 1568 1722 1616 Beauftracter
1756 1568 1844 1608 der
1868 1562 2366 1607 Kreisbauernschaft

715 1667 798 1707 sie
829 1667 1093 1706 aufsuchen
1118 1666 1206 1704 und
1236 1665 1381 1704 ihnen
1408 1665 1496 1705 die
1526 1664 1730 1703 Grenzen
1757 1663 1843 1703 des
1869 1663 2018 1701 Hofes
2048 1663 2225 1709 zoigen
2248 1660 2390 1701 wird.

570 1757 619 1807 o)

883 1761 973 1800 Die
1002 1761 1284 1808 Fahrzeuge,
1317 1759 1406 1799 mit
1439 1759 1586 1801 deron
1613 1759 1698 1798 dic
1724 1759 1991 1801 Ansiedler
2020 1759 2080 1797 im
2103 1758 2222 1797 Dorf

714 1858 1065 1904 eingetroffen
1093 1857 1227 1903 sind,
1261 1857 1440 1896 werden
1469 1857 1639 1896 sofort
1669 1856 1817 1895 untor
1845 1855 2049 1901 Filiurung
2078 1855 2221 1893 eines

716 1954 1065 2000 ortakundigen
1090 1957 1149 1993 VD
1184 1949 1206 1997 (
1236 1951 1519 2000 desselben,
1555 1951 1642 1990 der
1671 1950 1757 1990 die
1789 1951 2109 1990 evakuierten
2135 1949 2285 1988 Polen

714 2050 973 2099 bogleitet
1001 2046 1115 2095 hat)
1150 2058 1208 2088 zu
1235 2047 1325 2087 dem
1348 2050 1813 2094 Polenabstellager
1847 2047 1907 2086 in
1930 2046 2110 2086 Marsch
2134 2045 2364 2092 gesetzt.

716 2122 807 2160 Die
836 2120 1094 2158 "utobusse
1124 2118 1211 2155 und
1239 2115 1347 2157 LKW.
1384 2117 1676 2157 verbleiben
1702 2115 1903 2160 bolange
1936 2122 1996 2152 an
2020 2114 2111 2152 den
2135 2113 2254 2152 Ver-

719 2169 1178 2216 teilungspunkten,
1210 2166 1296 2206 bis
1324 2166 1500 2204 Befehl
1531 2165 1619 2204 der
1645 2164 1845 2203 Polizei
1875 2165 1994 2201 über
2021 2161 2338 2206 Abtransport

722 2220 809 2258 der
838 2217 983 2257 Polen
1012 2216 1233 2261 erfolgt.

565 2290 910 2336 Anmerkungen:

569 2381 651 2429 1.)
710 2386 771 2423 Es
798 2385 977 2424 werden

1322 2383 1501 2422 Fahrer
1528 2383 1702 2422 zwecks
1727 2379 2287 2427 Bofchlsübermittlung

713 2481 800 2520 und
829 2479 1296 2520 durchzufihrender
1321 2478 1619 2519 Kontrollen
1644 2478 1957 2524 eingesetzt.

570 2572 651 2620 2.)
710 2576 771 2616 Es
802 2576 978 2615 stohen

1179 2567 1616 2616 Kroisamtsleiter
1640 2582 1732 2614 zur
1758 2573 2043 2622 Verfügung,
2082 2573 2167 2613 die
2198 2572 2286 2612 auf

714 2673 799 2713 dic
827 2673 1005 2712 Dörfer
1032 2672 1264 2713 vertcilt
1292 2673 1472 2712 werden
1497 2672 1585 2710 und
1615 2670 1764 2711 deron
1788 2670 1993 2717 Aufgabe
2025 2678 2081 2709 es
2111 2669 2217 2717 ist,

715 2769 801 2808 die
831 2776 891 2807 zu
914 2767 1270 2809 besiedclnden
1292 2769 1409 2808 Höfe
1441 2768 1502 2807 in
1528 2766 1730 2816 Ordnung
1761 2775 1822 2806 zu
1849 2765 2056 2813 bringen
2079 2765 2169 2805 und
2199 2765 2348 2805 ihnen

717 2865 805 2903 oin
833 2864 1120 2903 Fuhrerbild
1152 2873 1212 2902 zu
1236 2863 1578 2903 überreichen.

1276 2936 1620 2973 Dienststelle
1654 2935 1739 2971 des
1769 2934 2145 2972 Arbeitsstabes

570 2956 652 3005 3.)
712 2958 1117 3001 Bofehlsstelle:

1286 2989 1541 3035 Oserkow ,
1575 2985 1724 3029 Adelf
1754 2984 2069 3025 Hitler-Str.
2102 2984 2130 3027 5

1290 3063 1431 3103 Telf.
1462 3065 1547 3101 Nr.
1579 3060 1784 3100 Osothow
1840 3059 1896 3100 41
