2479 3509
2151 112 2259 208 34

1230 548 1287 596 Are

574 703 628 753 n)
716 708 806 748 Dic
833 704 1011 749 Trocks
1041 705 1235 750 trofice
1272 704 1332 748 in
1358 704 1506 745 ihron
1558 702 1767 743 Dörforn
1794 702 1902 749 cin,
1936 700 2025 740 und
2050 698 2232 740 Wordon

721 804 806 844 dic
837 804 1102 842 cinzolnon
1128 800 1364 848 Familion
1389 801 1450 843 in
1477 800 1591 840 ihre
1618 800 1736 839 Hofo
1761 806 1857 839 vom
1880 798 2059 837 Fithrer
2084 795 2172 836 dos

718 895 894 941 Trecks
923 898 1389 952 cinguwiosongdort
1416 897 1562 937 nimmt
1595 896 1679 936 sio
1708 894 1797 935 dor
1825 900 1914 935 sur
1937 891 2290 938 Hofbewachung

722 996 1185 1045 zurückgcblicbcne
1212 994 1333 1039 Hiro
1357 994 1449 1034 and
1480 995 1568 1034 ein
1590 991 1943 1039 Bocuftragter
1971 989 2061 1030 der
2084 988 2352 1028 Kreiglei=

724 1094 838 1142 tung
869 1094 929 1132 in
950 1092 1181 1142 Emplang.
1213 1092 1306 1132 Den
1329 1090 1627 1132 Ansiodlern
1650 1088 1767 1128 wird
1796 1088 1886 1128 der
1910 1085 2002 1126 Hof
2026 1085 2118 1125 und
2146 1085 2232 1126 dic

723 1189 817 1229 Sta
839 1187 1016 1236 lungon
1041 1187 1246 1237 gezoist
1271 1185 1362 1227 und
1388 1185 1674 1234 üborgeoon.
1704 1182 1798 1223 Der
1824 1181 2142 1229 Boauftragto
2176 1180 2267 1220 der

722 1284 1075 1333 Krotsloitung
1097 1281 1334 1331 übergibt
1364 1281 1507 1332 jeder
1537 1280 1738 1322 Familio
1771 1279 1860 1319 ein
1884 1277 2201 1319 Fihrorbild.
2230 1277 2292 1317 Es

720 1381 839 1422 wird
870 1381 957 1421 den
983 1378 1483 1421 Ansiodlerfamiion
1504 1376 1822 1425 mitgetcilt,
1857 1376 1972 1416 dass
2002 1374 2207 1416 bereits
2238 1374 2298 1413 in

724 1479 813 1519 den
839 1478 1077 1518 nächsten
1100 1479 1250 1526 Tagon
1276 1476 1367 1516 cin
1391 1473 1744 1521 Beauftragter
1769 1473 1859 1513 der
1882 1469 2377 1511 Kreisbauernschaf

726 1574 810 1614 sic
840 1573 1106 1614 aufsuchen
1130 1572 1219 1612 und
1250 1571 1395 1612 ihnen
1421 1569 1509 1611 die
1539 1570 1745 1610 Grenzon
1771 1568 1858 1609 dos
1884 1567 2033 1608 Hofes
2063 1566 2239 1615 zoigon
2264 1565 2404 1606 wird.

581 1665 632 1715 o)

895 1669 986 1709 Die
1013 1668 1300 1719 Fohrzeugo,
1331 1667 1421 1707 mit
1452 1666 1533 1708 der
1542 1674 1601 1707 on
1626 1665 1712 1706 die
1739 1665 2004 1705 Ansiedler
2036 1664 2096 1703 im
2117 1662 2237 1703 Dorf

725 1764 1077 1813 eingetroffen
1106 1762 1242 1814 sind,
1275 1764 1455 1803 worden
1483 1761 1656 1803 sofort
1683 1762 1831 1801 untor
1858 1760 2065 1806 Flirung
2093 1760 2237 1798 cines

727 1860 1078 1910 ortakundigon
1105 1861 1164 1901 VD
1198 1856 1219 1906 (
1246 1858 1532 1906 desselben,
1569 1858 1658 1897 der
1685 1856 1772 1897 die
1802 1855 2124 1897 ovakuierten
2149 1853 2301 1894 Polon

726 1956 986 2008 beglcitet
1014 1953 1130 2003 hat)
1163 1964 1223 1998 zu
1249 1954 1342 1996 dem
1360 1953 1834 2000 Polonabstellager
1862 1952 1922 1994 in
1946 1952 2126 1992 Marsoh
2150 1951 2378 1999 gesetzt.

679 2029 771 2071 Die
798 2026 1062 2074 Autobusse
1088 2032 1178 2073 und
1205 2031 1315 2076 LKW.
1348 2035 1646 2078 verbleiben
1673 2038 1876 2087 solange
1902 2047 1967 2082 an
1995 2042 2084 2083 den
2104 2043 2227 2084 Ver-

653 2078 1114 2131 teilungspunkten,
1147 2079 1437 2129 big Befehl
1466 2085 1559 2126 der
1585 2084 1787 2128 Polizei
1814 2088 1936 2130 tiber
1959 2083 2284 2139 Abtransport

654 2127 744 2168 der
772 2122 918 2170 Polen
947 2130 1170 2178 erfolgt.

579 2199 925 2248 Anmerkungon:

584 2292 664 2341 1.)
724 2297 786 2335 Es
811 2294 992 2334 worden

1337 2291 1516 2331 Fahrer
1542 2289 1717 2331 zwocks
1740 2284 2302 2338 Bofuhlsübermittlung

726 2392 815 2432 und
842 2388 1312 2432 durchzufihrender
1337 2387 1634 2428 Kontrollen
1661 2385 1973 2435 cingesctzt.

584 2483 665 2533 2.)
724 2488 787 2528 Es
818 2488 994 2527 stohon

1196 2475 1634 2526 Kroisamtsloiter
1661 2491 1750 2524 zur
1775 2482 2060 2531 Verfügung,
2096 2480 2183 2521 die
2214 2480 2302 2520 auf

842 2585 1022 2624 Denfer
1048 2581 1282 2624 verteilt
1307 2582 1490 2622 werden
1514 2580 1604 2621 und
1632 2579 1781 2622 deren
1805 2579 2011 2626 Aufgabe
2040 2586 2097 2617 es
2128 2577 2236 2626 ist,

730 2681 817 2722 die
847 2690 907 2721 zu
932 2678 1287 2720 bosicdcInden
1308 2677 1428 2719 Höfc
1457 2679 1519 2718 in
1544 2676 1750 2726 Ordnung
1778 2684 1840 2717 zu
1865 2674 2073 2723 bringen
2094 2674 2185 2714 und
2217 2673 2361 2713 ihnen

732 2778 821 2817 oin
847 2773 1139 2818 Fuhronbild
1168 2783 1229 2816 zu
1252 2773 1598 2817 überrcichen.

586 2869 669 2920 3.)
727 2870 1134 2916 Bufehlsstelle:
1169 2878 1521 2923 Dienststelle
1551 2882 1639 2923 des
1664 2882 2048 2928 Arbeitsstabes
2072 2876 2255 2930 Wielun

1170 2943 1380 3004 Wielun,
1431 2953 1753 2998 Landratsamt

1169 3027 1311 3068 Telf.
1343 3029 1426 3071 Nr.
1454 3027 1676 3078 Wielung
1724 3029 1783 3075 55
