2479 3509
2124 131 2245 230 37

1208 566 1296 607 -3-

1205 701 1293 742 III

494 2409 548 2456 m)

785 2417 1018 2468 inwesung
1049 2424 1107 2462 in
1135 2426 1218 2464 die
1246 2429 1385 2470 Hofe.

539 780 590 829 a)

667 732 777 772 6.00
808 736 895 772 Uhr
921 726 1216 776 Eintreffen
1239 744 1326 777 der
1353 739 1634 788 Autobusse,
1732 746 1841 785 5.00
1871 745 1960 784 Uhr
1989 748 2074 785 der
2105 747 2207 785 LKW.

826 796 914 833 Uhr
944 797 1143 836 Abfahrt
1176 802 1259 841 der

1579 814 1839 857 Omnibusse
1868 818 1953 858 und

2127 823 2215 862 LKW

533 973 583 1021 b)

822 892 968 934 nach:

1068 891 1124 927 im
1149 890 1557 940 Transportlager
1582 895 1928 937 Lentschützer
1958 897 2126 938 Schule
2161 902 2216 938 in

1955 949 2125 994 Zgierz

660 993 772 1032 5.00
820 986 1082 1037 Verladung
1112 994 1196 1032 des
1228 996 1425 1042 Gepäcks
1458 1002 1576 1040 nach
1604 1003 2127 1055 Ansicdlungsdörforn
2152 1012 2237 1050 und

530 1164 579 1212 c)

816 1081 1021 1122 Nummern
1049 1088 1301 1137 gcordnct,
1339 1092 1568 1143 getrennt
1600 1099 1717 1137 naoh
1745 1101 2286 1153 Vortcilungspunkton.

658 1175 775 1219 6.00
814 1177 904 1215 Uhr
930 1181 1224 1231 Einsteigen
1251 1187 1338 1228 der
1364 1191 1628 1232 Ansiedler
1656 1196 1773 1233 nach
1798 1197 2323 1249 Ansicdlungsdörforn

524 1360 574 1403 d)
653 1368 770 1412 6.30
810 1369 899 1406 Uhr
926 1372 1127 1412 Abfahrt
1160 1377 1247 1416 der
1274 1381 1362 1418 LKW
1388 1384 1474 1420 mit
1507 1386 1600 1424 dem
1623 1388 1798 1432 Gepäck
1827 1399 1883 1428 zu
1913 1393 1999 1430 den
2028 1392 2174 1433 ihnen
2197 1395 2288 1435 bee

813 1273 900 1311 und
928 1277 1133 1318 Nummern
1159 1285 1411 1333 geordnet,
1449 1287 1681 1337 getrennt
1711 1293 1828 1331 nach
1856 1293 2395 1348 Verteilungspunkton,

524 1360 574 1403 d)
653 1368 770 1412 6.30
810 1369 899 1406 Uhr
926 1372 1127 1412 Abfahrt
1160 1377 1247 1416 der
1274 1381 1362 1418 LKW
1388 1384 1474 1420 mit
1507 1386 1600 1424 dem
1623 1388 1798 1432 Gepäck
1827 1399 1883 1428 zu
1913 1393 1999 1430 den
2028 1392 2174 1433 ihnen
2197 1395 2288 1435 bee

517 1547 569 1594 e)
619 1560 737 1605 5.30
800 1558 898 1595 Uhr
923 1561 1123 1602 Abfahrt
1156 1567 1241 1605 der
1270 1571 1527 1610 Omnibusse
1561 1584 1619 1613 zu
1642 1573 1740 1616 den
1764 1578 1908 1616 ihnen
1936 1582 2284 1623 bozcichnoton

811 1465 1100 1508 zoichneten
1126 1472 1669 1525 Verteilungspunkton.

517 1547 569 1594 e)
619 1560 737 1605 5.30
800 1558 898 1595 Uhr
923 1561 1123 1602 Abfahrt
1156 1567 1241 1605 der
1270 1571 1527 1610 Omnibusse
1561 1584 1619 1613 zu
1642 1573 1740 1616 den
1764 1578 1908 1616 ihnen
1936 1582 2284 1623 bozcichnoton

799 1653 1347 1707 Vertcilungspunkton.

514 1736 565 1786 f)
591 1754 706 1795 8.00
711 1744 1092 1791 UhrEintroffen
1121 1755 1207 1794 der
1236 1756 1643 1809 Fahrzeugführer
1672 1776 1730 1803 an
1759 1768 1846 1805 den
1871 1769 2411 1822 Vortcilungspunkton.

514 1736 565 1786 f)
591 1754 706 1795 8.00
711 1744 1092 1791 UhrEintroffen
1121 1755 1207 1794 der
1236 1756 1643 1809 Fahrzeugführer
1672 1776 1730 1803 an
1759 1768 1846 1805 den
1871 1769 2411 1822 Vortcilungspunkton.

510 1833 564 1879 g)
713 1842 800 1880 Uhr
828 1843 1121 1886 Eintroffen
1148 1852 1234 1890 der
1263 1853 1522 1896 Omnibusso
1552 1861 1638 1898 und
1669 1864 1775 1904 LKW.
1814 1873 1873 1902 an
1901 1866 1987 1904 den
2013 1868 2362 1919 Vortcilungs=

510 1833 564 1879 g)
713 1842 800 1880 Uhr
828 1843 1121 1886 Eintroffen
1148 1852 1234 1890 der
1263 1853 1522 1896 Omnibusso
1552 1861 1638 1898 und
1669 1864 1775 1904 LKW.
1814 1873 1873 1902 an
1901 1866 1987 1904 den
2013 1868 2362 1919 Vortcilungs=

507 1929 559 1977 h)
591 1941 706 1987 9.15
796 1939 884 1978 Uhr
912 1942 1112 1984 Abfahrt
1146 1948 1231 1986 der
1259 1948 1432 1991 Trocks
1463 1964 1552 1993 von
1581 1957 1668 1995 den
1695 1959 2237 2012 Verteilungspunkten.

1870 1915 2095 1960 punkten.

507 1929 559 1977 h)
591 1941 706 1987 9.15
796 1939 884 1978 Uhr
912 1942 1112 1984 Abfahrt
1146 1948 1231 1986 der
1259 1948 1432 1991 Trocks
1463 1964 1552 1993 von
1581 1957 1668 1995 den
1695 1959 2237 2012 Verteilungspunkten.

508 2024 557 2074 i)

794 2037 882 2075 Uhr
909 2041 1201 2082 Rentreffen
1230 2046 1316 2084 der
1346 2048 1604 2090 Omnibusse
1636 2063 1694 2091 an
1723 2055 1811 2093 den
1835 2057 2380 2111 Vertcilungspunkton.

503 2122 553 2170 k)

791 2133 880 2172 Uhr
908 2135 1109 2176 Abfahrt
1140 2141 1227 2178 der
1255 2144 1429 2182 Trocks
1457 2156 1546 2186 von
1575 2149 1663 2187 dun
1694 2151 2214 2202 Vorteilungspunkten
2240 2159 2299 2199 in

792 2227 874 2265 die
907 2229 1418 2281 Ansiodlungsdörfer.

500 2311 550 2359 i)
585 2321 732 2363 10.15
757 2322 846 2359 Uhr
871 2324 1166 2369 Eintreffen
1194 2331 1280 2368 der
1309 2330 1514 2373 lotzten
1541 2336 1716 2376 Trecks
1748 2341 1803 2377 in
1834 2342 1976 2380 ihren
2003 2345 2230 2391 Dörfern,

500 2311 550 2359 i)
585 2321 732 2363 10.15
757 2322 846 2359 Uhr
871 2324 1166 2369 Eintreffen
1194 2331 1280 2368 der
1309 2330 1514 2373 lotzten
1541 2336 1716 2376 Trecks
1748 2341 1803 2377 in
1834 2342 1976 2380 ihren
2003 2345 2230 2391 Dörfern,
