2479 3509
2184 138 2298 218 36

1116 467 1205 505 -2-

451 582 499 620 C.
534 583 622 619 Die
650 584 990 629 Evakuierung,

624 622 678 663 1)
708 623 944 660 Abmarsch
970 626 1056 665 des
1080 618 1723 674 Evakuierungskommandos.

624 622 678 663 1)
708 623 944 660 Abmarsch
970 626 1056 665 des
1080 618 1723 674 Evakuierungskommandos.

741 659 912 695 Stärke
945 660 999 703 je
1022 663 1137 698 Hof:

1302 669 1449 706 1 2

739 727 974 776 zugleich
1002 730 1057 776 je
1083 730 1202 770 Dorf
1272 725 1301 764 1
1329 724 1439 764 Pol.
1472 720 1727 770 Ältester,
1764 725 1794 763 1
1820 725 2140 766 Treckführer

625 796 704 845 2.)
751 804 868 847 2.30
881 802 973 841 Uhr
997 805 1293 844 Eintreffen
1319 805 1409 845 der
1433 805 2045 855 Evakuierungskommandos
2075 805 2136 846 in
2162 805 2253 845 den

625 796 704 845 2.)
751 804 868 847 2.30
881 802 973 841 Uhr
997 805 1293 844 Eintreffen
1319 805 1409 845 der
1433 805 2045 855 Evakuierungskommandos
2075 805 2136 846 in
2162 805 2253 845 den

623 891 704 942 3.)
751 904 868 944 8.00
881 898 973 937 Uhr
997 899 1201 939 Ankunft
1232 900 1319 940 der
1344 900 1670 941 Evakuierten
1699 902 1759 941 im
1781 901 2155 949 Abstclllager,

1897 853 2128 898 Dörfern.

623 891 704 942 3.)
751 904 868 944 8.00
881 898 973 937 Uhr
997 899 1201 939 Ankunft
1232 900 1319 940 der
1344 900 1670 941 Evakuierten
1699 902 1759 941 im
1781 901 2155 949 Abstclllager,

623 987 703 1037 4.)
736 992 912 1031 Ablauf
941 993 1029 1033 der
1054 995 1398 1043 Evakuierung:

623 987 703 1037 4.)
736 992 912 1031 Ablauf
941 993 1029 1033 der
1054 995 1398 1043 Evakuierung:

709 1083 760 1132 a)
793 1088 882 1127 Dor
910 1089 1231 1130 Treckführer
1258 1091 1347 1131 und
1378 1092 1727 1140 ortskundiger
1752 1092 1899 1132 VDund
1928 1092 2037 1133 Pol.
2073 1091 2246 1133 Kräfto

709 1083 760 1132 a)
793 1088 882 1127 Dor
910 1089 1231 1130 Treckführer
1258 1091 1347 1131 und
1378 1092 1727 1140 ortskundiger
1752 1092 1899 1132 VDund
1928 1092 2037 1133 Pol.
2073 1091 2246 1133 Kräfto

794 1185 881 1224 und
912 1185 1119 1225 Gendarm
1139 1188 1466 1226 marschieren
1490 1197 1556 1227 um
1591 1184 1704 1225 1.30
1723 1188 1815 1228 Uhr
1842 1187 1900 1228 ab
1926 1188 2277 1237 Vortcilungs=

795 1281 936 1328 punkt
970 1282 1029 1322 in
1056 1282 1141 1322 die
1173 1284 1318 1323 ihnen
1346 1285 1699 1332 zugewicsconen
1722 1284 1921 1326 Dörfer.

709 1371 758 1419 b)
793 1376 910 1417 Pol-
938 1378 1025 1417 und
1056 1379 1403 1418 Gendarmercio
1434 1380 1612 1419 treton
1638 1381 1698 1419 in
1724 1379 1812 1419 der
1836 1379 2249 1428 Roihenfolgo,in

709 1371 758 1419 b)
793 1376 910 1417 Pol-
938 1378 1025 1417 und
1056 1379 1403 1418 Gendarmercio
1434 1380 1612 1419 treton
1638 1381 1698 1419 in
1724 1379 1812 1419 der
1836 1379 2249 1428 Roihenfolgo,in

795 1470 881 1510 der
910 1471 996 1511 die
1026 1480 1088 1512 zu
1109 1472 1497 1511 evakuicrenden
1518 1474 1636 1514 Höfc
1667 1474 1861 1523 liogen,
1898 1483 1979 1517 an.
2015 1476 2101 1515 Sic
2132 1476 2310 1515 erhal*

795 1567 883 1605 ten
911 1567 1057 1607 einen
1084 1569 1259 1608 Zettel
1284 1569 1374 1610 mit
1404 1570 1493 1610 der
1518 1571 1724 1610 Nummer
1752 1570 1840 1609 dos
1866 1571 2015 1610 Hofos
2042 1570 2131 1610 und
2160 1570 2251 1611 dem

791 1662 940 1700 Namen
968 1661 1054 1701 des
1083 1662 1378 1709 polnischen
1402 1663 1687 1703 Besitzers.

709 1752 757 1800 c)
789 1753 880 1796 Der
907 1757 1229 1798 Treckführer
1256 1757 1548 1802 bezeichnet
1578 1759 1663 1799 die
1695 1769 1756 1800 zu
1783 1760 2160 1800 cvakuierenden
2185 1761 2327 1804 Hofe,

709 1752 757 1800 c)
789 1753 880 1796 Der
907 1757 1229 1798 Treckführer
1256 1757 1548 1802 bezeichnet
1578 1759 1663 1799 die
1695 1769 1756 1800 zu
1783 1760 2160 1800 cvakuierenden
2185 1761 2327 1804 Hofe,

707 1849 754 1896 d)
789 1851 880 1892 Der
911 1853 1287 1899 entsprechende
1315 1855 1425 1899 Pol.
1459 1855 1548 1895 und
1578 1855 1720 1901 Gend,
1754 1855 2019 1896 schreiten
2045 1856 2217 1897 sofort
2248 1865 2336 1897 zur

707 1849 754 1896 d)
789 1851 880 1892 Der
911 1853 1287 1899 entsprechende
1315 1855 1425 1899 Pol.
1459 1855 1548 1895 und
1578 1855 1720 1901 Gend,
1754 1855 2019 1896 schreiten
2045 1856 2217 1897 sofort
2248 1865 2336 1897 zur

789 1950 1114 1998 Evakuicrung
1140 1951 1228 1991 und
1257 1951 1552 1993 bezeichnen
1577 1952 1668 1993 den
1690 1953 1782 1993 Hof
1808 1953 1897 1993 mit
1926 1952 2100 1995 Kreide
2127 1953 2217 1993 mit

794 2047 880 2086 der
912 2047 1057 2087 ihnen
1081 2047 1436 2095 mitgegebenen
1459 2050 1657 2091 Nummer.

708 2138 759 2182 e)
790 2144 878 2183 Dio
908 2144 1111 2184 Polizci
1141 2144 1286 2184 führt
1316 2145 1401 2185 die
1435 2145 1762 2184 cvakuicrten
1779 2146 1931 2186 Polen
1957 2154 2048 2186 zum
2069 2146 2395 2191 Dorfausgang

708 2138 759 2182 e)
790 2144 878 2183 Dio
908 2144 1111 2184 Polizci
1141 2144 1286 2184 führt
1316 2145 1401 2185 die
1435 2145 1762 2184 cvakuicrten
1779 2146 1931 2186 Polen
1957 2154 2048 2186 zum
2069 2146 2395 2191 Dorfausgang

2073 2195 2151 2235 ab.

706 2237 755 2283 f)
790 2240 910 2279 Wonn
938 2239 1053 2280 alle
1084 2241 1319 2281 Familien
1347 2242 1491 2282 eines
1517 2241 1694 2289 Dorfee
1723 2242 1989 2283 beisammen
2016 2242 2152 2291 sind,
2187 2252 2306 2282 wor=

706 2237 755 2283 f)
790 2240 910 2279 Wonn
938 2239 1053 2280 alle
1084 2241 1319 2281 Familien
1347 2242 1491 2282 eines
1517 2241 1694 2289 Dorfee
1723 2242 1989 2283 beisammen
2016 2242 2152 2291 sind,
2187 2252 2306 2282 wor=

793 2337 881 2376 den
910 2337 994 2376 sic
1027 2346 1087 2377 zu
1113 2338 1203 2377 dem
1227 2339 1405 2378 vorher
1430 2338 1844 2386 festgestellten
1867 2338 2191 2387 Abstellager
2217 2340 2366 2379 unter

793 2432 879 2472 der
909 2432 1113 2479 Führung
1142 2433 1228 2473 des
1256 2433 1698 2475 Polizeiältesten
1721 2434 1810 2474 und
1840 2434 1926 2475 des
1956 2434 2311 2483 ortskundigen

790 2531 849 2568 VD
878 2529 1136 2575 gebracht,

705 2620 755 2671 g)
789 2623 909 2664 Hier
935 2625 1231 2665 verblciben
1260 2626 1344 2666 sie
1372 2626 1599 2675 solange,
1635 2625 1721 2666 big
1747 2625 1956 2673 Meldung
1982 2634 2076 2666 vom
2101 2626 2276 2669 Führer

705 2620 755 2671 g)
789 2623 909 2664 Hier
935 2625 1231 2665 verblciben
1260 2626 1344 2666 sie
1372 2626 1599 2675 solange,
1635 2625 1721 2666 big
1747 2625 1956 2673 Meldung
1982 2634 2076 2666 vom
2101 2626 2276 2669 Führer

792 2720 879 2760 des
906 2721 1289 2762 Arbeitsstabes
1317 2725 1597 2771 cintrifft,
1635 2722 1751 2762 dass
1779 2721 2100 2772 Abtransport
2129 2724 2309 2764 erfol=

791 2825 881 2864 gen
911 2817 1046 2858 soll.

740 2906 758 2942 i
789 2912 1054 2961 Vorladung
1084 2914 1143 2953 in
1165 2914 1519 2954 motorisierto
1549 2902 1808 2960 Fahrzouge
1837 2913 1926 2953 und
1954 2914 2278 2964 Abtransport

740 2906 758 2942 i
789 2912 1054 2961 Vorladung
1084 2914 1143 2953 in
1165 2914 1519 2954 motorisierto
1549 2902 1808 2960 Fahrzouge
1837 2913 1926 2953 und
1954 2914 2278 2964 Abtransport

793 3010 851 3047 in
879 3009 966 3048 das
995 3010 1463 3057 Evakuiertenlager
1491 3010 1550 3049 in
1575 3010 1773 3057 Lodsch,
1805 3011 2093 3055 Wiesenstr.
2133 3012 2181 3056 4.
